<?xml version="1.0" encoding="UTF-8"?><collection xmlns="http://www.loc.gov/MARC21/slim"><record><leader>00533nam--2200181-u-4500</leader><controlfield tag="001">000053089</controlfield><controlfield tag="002">20161230</controlfield><controlfield tag="005">20161230201050</controlfield><controlfield tag="008">110105s1000------------r-----000-0-eng-d</controlfield><datafield ind1=" " ind2=" " tag="040"><subfield code="a">IFIN-HH</subfield></datafield><datafield ind1=" " ind2=" " tag="080"><subfield code="a">539.142(063)</subfield></datafield><datafield ind1="1" ind2=" " tag="110"><subfield code="a">Universita Degli Studi Di Camerino</subfield></datafield><datafield ind1="1" ind2="0" tag="245"><subfield code="a">Nuclear models 1998</subfield><subfield code="b">Interacting bosons and ferminos, october 12 - 14, 1998, camerino, italy</subfield></datafield><datafield ind1=" " ind2=" " tag="260"><subfield code="a">Camerino</subfield><subfield code="b">Universita</subfield><subfield code="c">1998</subfield></datafield><datafield ind1=" " ind2=" " tag="300"><subfield code="a">179P</subfield></datafield><datafield ind1=" " ind2=" " tag="504"><subfield code="a">Donatie Dr. Dorin Poenaru</subfield></datafield><datafield ind1=" " ind2=" " tag="852"><subfield code="a">81269</subfield><subfield code="c">539</subfield></datafield><datafield ind1=" " ind2=" " tag="CAT"><subfield code="a">Sys</subfield><subfield code="c">20110105</subfield><subfield code="h">131036</subfield></datafield></record></collection>